@book{Okumura201701,
	author="鶴 正人 and 内田 真人 and 滝根 哲也 and 永田 晃 and 松田 崇弘 and 巳波 弘佳 and 山村 新也",
	title="DTN技術の現状と展望",
	publisher="通信ソサエティマガジン No16 春号",
	year="2011"
}

@book{Yoshinaga201808,
	author="巳波 弘佳",
	title="知っておきたいキーワード DTN（Delay-Disruption-Disconnect-Tolerant Networking）",
	publisher="映像情報メディア学会誌 Vol.64，No.6",
	year="2010"
}

@book{Tsuchiya201808,
	author="柘植 綾香 and 伊藤 暢浩 and 岩田 員典 and 泉 泰介",
	title="ホップ数を考慮した移動計画の拡散によるDTNルーティングについて",
	publisher="人工知能学会第二種研究会資料 データ指向構成マイニングとシミュレーション研究会 SIG-DOCMAS-009-04",
	year="2018"
}

@book{Yoshinaga200803,
	author="板尾 真也",
	title="ノードとメッセージの情報を用いたDTNルーティング手法",
	publisher="三重大学大学院 工学研究科 修士論文",
	year="2019"
}

@book{Dilip201707,
	author="逸見 健太 and 小山 明夫",
	title="移動性と適応的複製回数を考慮したDTNルーティングプロトコル",
	publisher="情報処理学会第75回全国大会",
	year="2017"
}

@book{George201409,
	author="George Graetzer",
	title="Practical \LaTeX",
	publisher="Springer",
	year="2014"
}

@book{Akama201410,
	author="赤間 世紀",
	title="\LaTeX 論文作成マニュアル―「論文」の書き方と「\LaTeX 」の使い方 (I・O BOOKS)",
	publisher="工学社",
	year="2014"
}
